@article{geller1969table,
  title={A table of integrals of the exponential integral},
  author={Geller, Murray and Ng, Edward W.},
  journal={Journal of research of the National Bureau of Standards B},
  volume={73},
  pages={191--210},
  year={1969},
  url={http://nvlpubs.nist.gov/nistpubs/jres/73B/jresv73Bn3p191_A1b.pdf},
  urldate={2015-12-23}
}

@article{boer1990calc,
	title={Calculation of x-ray fluorescence intensities from bulk and multilayer samples},
	author={De Boer, D. K. G.},
	journal={X-Ray Spectrometry},
	volume={19},
	number={3},
	pages={145--154},
	year={1990},
	publisher={Wiley Online Library},
	url={http://onlinelibrary.wiley.com/doi/10.1002/xrs.1300190312/abstract}
}

@book{schloemilch,
	title={Beiträge zur Theorie bestimmter Integrale},
	author={Schlömilch, Oskar},
	publisher={Friedrich Frommann},
	year={1843},
	address={Jena},
	url={http://www.mdz-nbn-resolving.de/urn/resolver.pl?urn=urn:nbn:de:bvb:12-bsb10053982-5}
}

@online{dlmfRelationIncompleteGamma,
	shorthand = {DLMF6.11E1},
	editor = {\citeauthor{NHMF}},
	title = {Equation 6.11.1 of \cite{DLMF}},
	url = {http://dlmf.nist.gov/6.11.E1}
}

@online{dlmfAsymExpansion,
	shorthand = {DLMF6.12E1},
	editor = {\citeauthor{NHMF}},
	title = {Equation 6.12.1 of \cite{DLMF}},
	url = {http://dlmf.nist.gov/6.12.E1}
}

@book{NHMF,
	editor = "F.~W.~J. Olver and D.~W. Lozier and R.~F. Boisvert and C.~W. Clark",
	title = "{NIST Handbook of Mathematical Functions}",
	publisher = "Cambridge University Press",
	address = "New York, NY",
	year = "2010",
	note = "Print companion to \cite{DLMF}"
}

@misc{DLMF,
	shorthand = {DLMF},
	title = "{NIST Digital Library of Mathematical Functions}",
	howpublished = "http://dlmf.nist.gov/, Release 1.0.10 of 2015-08-07",
	url = "http://dlmf.nist.gov/",
	note = "Online companion to \cite{NHMF}"}

@article{sherman,
	title = "The theoretical derivation of fluorescent X-ray intensities from mixtures",
	journal = "Spectrochimica Acta",
	volume = "7",
	pages = "283 - 306",
	year = "1955",
	issn = "0371-1951",
	doi = "http://dx.doi.org/10.1016/0371-1951(55)80041-0",
	url = "http://www.sciencedirect.com/science/article/pii/0371195155800410",
	author = "Jacob Sherman"
}

@book{bronstein,
	title = "Taschenbuch der Mathematik",
	author = "I. N. Bronstein and K. A. Semendjajew and G. Musiol and H. Mühlig",
	year = "2008",
	publisher = "Verlag Harri Deutsch",
	isbn = "978-3-8171-2007-9"
}

@book{rabinowitz,
	author = "P. J. Davis and P. Rabinowitz",
	title = "Methods of Numerical Integration",
	year = "1984",
	publisher = "Academic Press"
}